@book{Edmundo2021,
	title = {Introdução à Lógica Matemática},
	author = {
		Edmundo, {Mário J.} and
		Ferreira, Gilda and
		Gaspar, Jaime
	},
	year = {2021},
	month = {10}
}

@book{FrancoOliveira2010,
	title = {Lógica \& Aritmética},
	subtitle = {Uma introdução à lógica, matemática e computacional},
	author = {{Franco de Oliveira}, {Augusto J.}},
	year = {2010},
	edition = {3}
}
